%YAML 1.1
%TAG !u! tag:unity3d.com,2011:
--- !u!1 &190616
GameObject:
  m_ObjectHideFlags: 0
  m_PrefabParentObject: {fileID: 0}
  m_PrefabInternal: {fileID: 100100000}
  serializedVersion: 4
  m_Component:
  - 4: {fileID: 463320}
  - 33: {fileID: 3370498}
  - 23: {fileID: 2395426}
  - 61: {fileID: 6166702}
  - 114: {fileID: 11441908}
  - 114: {fileID: 11467092}
  m_Layer: 0
  m_Name: WaterCube
  m_TagString: Untagged
  m_Icon: {fileID: 0}
  m_NavMeshLayer: 0
  m_StaticEditorFlags: 0
  m_IsActive: 1
--- !u!4 &463320
Transform:
  m_ObjectHideFlags: 1
  m_PrefabParentObject: {fileID: 0}
  m_PrefabInternal: {fileID: 100100000}
  m_GameObject: {fileID: 190616}
  m_LocalRotation: {x: 0, y: 0, z: 0, w: 1}
  m_LocalPosition: {x: -57.19, y: 3.8986251, z: 0}
  m_LocalScale: {x: 4, y: 4, z: 4}
  m_LocalEulerAnglesHint: {x: 0, y: 0, z: 0}
  m_Children: []
  m_Father: {fileID: 0}
  m_RootOrder: 0
--- !u!23 &2395426
MeshRenderer:
  m_ObjectHideFlags: 1
  m_PrefabParentObject: {fileID: 0}
  m_PrefabInternal: {fileID: 100100000}
  m_GameObject: {fileID: 190616}
  m_Enabled: 1
  m_CastShadows: 1
  m_ReceiveShadows: 1
  m_MotionVectors: 1
  m_LightProbeUsage: 1
  m_ReflectionProbeUsage: 1
  m_Materials:
  - {fileID: 2100000, guid: 5e68d424a9deb4040a109daf6d7a6520, type: 2}
  m_SubsetIndices: 
  m_StaticBatchRoot: {fileID: 0}
  m_ProbeAnchor: {fileID: 0}
  m_LightProbeVolumeOverride: {fileID: 0}
  m_ScaleInLightmap: 1
  m_PreserveUVs: 1
  m_IgnoreNormalsForChartDetection: 0
  m_ImportantGI: 0
  m_SelectedWireframeHidden: 0
  m_MinimumChartSize: 4
  m_AutoUVMaxDistance: 0.5
  m_AutoUVMaxAngle: 89
  m_LightmapParameters: {fileID: 0}
  m_SortingLayerID: 0
  m_SortingOrder: 0
--- !u!33 &3370498
MeshFilter:
  m_ObjectHideFlags: 1
  m_PrefabParentObject: {fileID: 0}
  m_PrefabInternal: {fileID: 100100000}
  m_GameObject: {fileID: 190616}
  m_Mesh: {fileID: 10202, guid: 0000000000000000e000000000000000, type: 0}
--- !u!61 &6166702
BoxCollider2D:
  m_ObjectHideFlags: 1
  m_PrefabParentObject: {fileID: 0}
  m_PrefabInternal: {fileID: 100100000}
  m_GameObject: {fileID: 190616}
  m_Enabled: 1
  m_Density: 1
  m_Material: {fileID: 0}
  m_IsTrigger: 0
  m_UsedByEffector: 0
  m_Offset: {x: 0, y: 0}
  serializedVersion: 2
  m_Size: {x: 1, y: 1}
--- !u!114 &11441908
MonoBehaviour:
  m_ObjectHideFlags: 1
  m_PrefabParentObject: {fileID: 0}
  m_PrefabInternal: {fileID: 100100000}
  m_GameObject: {fileID: 190616}
  m_Enabled: 1
  m_EditorHideFlags: 0
  m_Script: {fileID: 11500000, guid: 35722bb41d365874e8c35a5085a63030, type: 3}
  m_Name: 
  m_EditorClassIdentifier: 
  ControllerParameters:
    MaxVelocity: {x: 3.4028235e+38, y: 3.4028235e+38}
    MaximumSlopeAngle: 45
    Gravity: -1
    SpeedAccelerationOnGround: 20
    SpeedAccelerationInAir: 5
    Physics2DInteraction: 1
    Physics2DPushForce: 2
    DrawRaycastsGizmos: 1
    SlopeAngleSpeedFactor:
      serializedVersion: 2
      m_Curve:
      - time: -90
        value: 1
        inSlope: 0
        outSlope: 0
        tangentMode: 0
      - time: 0
        value: 1
        inSlope: 0
        outSlope: 0
        tangentMode: 0
      - time: 90
        value: 1
        inSlope: 0
        outSlope: 0
        tangentMode: 0
      m_PreInfinity: 2
      m_PostInfinity: 2
      m_RotationOrder: 4
  BehaviorParameters:
    JumpHeight: 3.025
    JumpMinimumAirTime: 0.1
    NumberOfJumps: 3
    JumpRestrictions: 3
    JumpIsProportionalToThePressTime: 1
    MovementSpeed: 4
    CrouchSpeed: 4
    WalkSpeed: 4
    RunSpeed: 4
    LadderSpeed: 2
    DashDuration: 0.15
    DashForce: 5
    DashCooldown: 2
    WallJumpForce: {x: 3, y: -3}
    WallClingingSlowFactor: 0.6
    DanglingRaycastOrigin: {x: 0.7, y: -0.25, z: 0}
    DanglingRaycastLength: 2
    CrouchedBoxColliderSize: {x: 1, y: 1}
    MaxHealth: 100
    DeathForce: {x: 0, y: 10}
    SmoothMovement: 1
    VerticalThreshold: 0.4
    UseDefaultMecanim: 1
--- !u!114 &11467092
MonoBehaviour:
  m_ObjectHideFlags: 1
  m_PrefabParentObject: {fileID: 0}
  m_PrefabInternal: {fileID: 100100000}
  m_GameObject: {fileID: 190616}
  m_Enabled: 1
  m_EditorHideFlags: 0
  m_Script: {fileID: 11500000, guid: ca026b86e00bbd34f8823e8f8b994fcf, type: 3}
  m_Name: 
  m_EditorClassIdentifier: 
  WaterExitForce: 12
  WaterEntryEffect: {fileID: 143758, guid: 14f27396ac5b4d84cb17d403de44b8a1, type: 2}
--- !u!1001 &100100000
Prefab:
  m_ObjectHideFlags: 1
  serializedVersion: 2
  m_Modification:
    m_TransformParent: {fileID: 0}
    m_Modifications: []
    m_RemovedComponents: []
  m_ParentPrefab: {fileID: 0}
  m_RootGameObject: {fileID: 190616}
  m_IsPrefabParent: 1
